 @article{Ayadi2011Survey,
  title={Survey on speech emotion recognition: Features, classification schemes, and databases},
  author={El Ayadi, Moataz and Kamel, Mohamed S and Karray, Fakhri},
  journal={Pattern Recognition},
  volume={44},
  number={3},
  pages={572--587},
  year={2011},
  publisher={Elsevier}
}

@article{Han2014Survey,
  title={语音情感识别研究进展综述},
  author={韩文静 and 李海峰 and 阮华斌 and 马琳},
  journal={软件学报},
  volume={25},
  number={1},
  pages={37--50},
  year={2014}
}

@article{Cowie2002Emotion,
  title={Emotion recognition in human-computer interaction},
  author={Cowie, Roddy and Douglas-Cowie, Ellen and Tsapatsoulis, Nicolas and Votsis, George and Kollias, Stefanos and Fellenz, Winfried and Taylor, John G},
  journal={IEEE Signal processing magazine},
  volume={18},
  number={1},
  pages={32--80},
  year={2001},
  publisher={IEEE}
}

@article{Lee2005Toward,
  title={Toward detecting emotions in spoken dialogs},
  author={Lee, Chul Min and Narayanan, Shrikanth S},
  journal={IEEE transactions on speech and audio processing},
  volume={13},
  number={2},
  pages={293--303},
  year={2005},
  publisher={IEEE}
}

@article{Murray1993Toward,
  title={Toward the simulation of emotion in synthetic speech: A review of the literature on human vocal emotion},
  author={Murray, Iain R and Arnott, John L},
  journal={The Journal of the Acoustical Society of America},
  volume={93},
  number={2},
  pages={1097--1108},
  year={1993},
  publisher={ASA}
}

@article{Atal1974Effectiveness,
  title={Effectiveness of linear prediction characteristics of the speech wave for automatic speaker identification and verification},
  author={Atal, Bishnu S},
  journal={the Journal of the Acoustical Society of America},
  volume={55},
  number={6},
  pages={1304--1312},
  year={1974},
  publisher={ASA}
}

@article{Banse1996Acoustic,
  title={Acoustic profiles in vocal emotion expression.},
  author={Banse, Rainer and Scherer, Klaus R},
  journal={Journal of personality and social psychology},
  volume={70},
  number={3},
  pages={614},
  year={1996},
  publisher={American Psychological Association}
}

@article{Bou2000A,
  title={A comparative study of traditional and newly proposed features for recognition of speech under stress},
  author={Bou-Ghazale, Sahar E and Hansen, John HL},
  journal={IEEE Transactions on speech and audio processing},
  volume={8},
  number={4},
  pages={429--442},
  year={2000},
  publisher={IEEE}
}

@article{Hernando1997Linear,
  title={Linear prediction of the one-sided autocorrelation sequence for noisy speech recognition},
  author={Hernando, Javier and Nadeu, Climent},
  journal={IEEE Transactions on Speech and Audio Processing},
  volume={5},
  number={1},
  pages={80--84},
  year={1997},
  publisher={IEEE}
}

@article{Kaiser1962Communication,
  title={Communication of affects by single vowels},
  author={Kaiser, L},
  journal={Synthese},
  volume={14},
  number={4},
  pages={300--319},
  year={1962},
  publisher={Springer}
}

@book{Rabiner1999Fundamentals,
  title={Fundamentals of speech recognition},
  author={Rabiner, Lawrence R and Juang, Biing-Hwang},
  volume={14},
  year={1993},
  publisher={PTR Prentice Hall Englewood Cliffs}
}

@book{Davitz1964The,
  title={The communication of emotional meaning.},
  author={Davitz, Joel Robert},
  year={1964},
  publisher={McGraw Hill}
}

@article{Rabiner2007An,
  title={An introduction to hidden Markov models},
  author={Schuster-B{\"o}ckler, Benjamin and Bateman, Alex},
  journal={Current protocols in bioinformatics},
  volume={18},
  number={1},
  pages={A--3A},
  year={2007},
  publisher={Wiley Online Library}
}

@article{Ephraim2002Hidden,
  title={Hidden markov processes},
  author={Ephraim, Yariv and Merhav, Neri},
  journal={IEEE Transactions on information theory},
  volume={48},
  number={6},
  pages={1518--1569},
  year={2002},
  publisher={IEEE}
}

@inproceedings{Schuller2003Hidden,
  title={Hidden Markov model-based speech emotion recognition},
  author={Schuller, Bj{\"o}rn and Rigoll, Gerhard and Lang, Manfred},
  booktitle={Multimedia and Expo, 2003. ICME'03. Proceedings. 2003 International Conference on},
  volume={1},
  pages={I--401},
  year={2003},
  organization={IEEE}
}

@article{Nogueiras2012Speech,
  title={Speech emotion recognition using hidden Markov models},
  author={Nwe, Tin Lay and Foo, Say Wei and De Silva, Liyanage C},
  journal={Speech communication},
  volume={41},
  number={4},
  pages={603--623},
  year={2003},
  publisher={Elsevier}
}

@inproceedings{Kwon2003Emotion,
  title={Emotion recognition by speech signals},
  author={Kwon, Oh-Wook and Chan, Kwokleung and Hao, Jiucang and Lee, Te-Won},
  booktitle={Eighth European Conference on Speech Communication and Technology},
  year={2003}
}

@inproceedings{Lee2004Emotion,
  title={Emotion recognition based on phoneme classes},
  author={Lee, Chul Min and Yildirim, Serdar and Bulut, Murtaza and Kazemzadeh, Abe and Busso, Carlos and Deng, Zhigang and Lee, Sungbok and Narayanan, Shrikanth},
  booktitle={Eighth International Conference on Spoken Language Processing},
  year={2004}
}

@article{Vlassis2002A,
  title={A greedy EM algorithm for Gaussian mixture learning},
  author={Vlassis, Nikos and Likas, Aristidis},
  journal={Neural processing letters},
  volume={15},
  number={1},
  pages={77--87},
  year={2002},
  publisher={Springer}
}

@article{Reynolds1995Robust,
  title={Robust text-independent speaker identification using Gaussian mixture speaker models},
  author={Reynolds, Douglas A and Rose, Richard C},
  journal={IEEE transactions on speech and audio processing},
  volume={3},
  number={1},
  pages={72--83},
  year={1995},
  publisher={IEEE}
}

@article{Rissanen1978Modeling,
  title={Modeling by shortest data description},
  author={Rissanen, Jorma},
  journal={Automatica},
  volume={14},
  number={5},
  pages={465--471},
  year={1978},
  publisher={Elsevier}
}

@article{El2004On,
  title={On the determination of optimal model order for gmm-based text-independent speaker identification},
  author={El-Yazeed, MF and El Gamal, MA and El Ayadi, MMH},
  journal={EURASIP Journal on Applied Signal Processing},
  volume={2004},
  pages={1078--1087},
  year={2004},
  publisher={Hindawi Publishing Corp.}
}

@article{Vlassis1999A,
  title={A kurtosis-based dynamic approach to Gaussian mixture modeling},
  author={Vlassis, Nikos and Likas, Aristidis},
  journal={IEEE Transactions on Systems, Man, and Cybernetics-Part A: Systems and Humans},
  volume={29},
  number={4},
  pages={393--399},
  year={1999},
  publisher={IEEE}
}

@article{Breazeal2002Recognition,
  title={Recognition of affective communicative intent in robot-directed speech},
  author={Breazeal, Cynthia and Aryananda, Lijin},
  journal={Autonomous robots},
  volume={12},
  number={1},
  pages={83--104},
  year={2002},
  publisher={Springer}
}

@article{Slaney2003Baby,
  title={BabyEars: A recognition system for affective vocalizations},
  author={Slaney, Malcolm and McRoberts, Gerald},
  journal={Speech Communication},
  volume={39},
  number={3-4},
  pages={367--384},
  year={2003},
  publisher={Elsevier}
}

@article{Burges2008A,
  title={A tutorial on support vector machines for pattern recognition},
  author={Burges, Christopher JC},
  journal={Data mining and knowledge discovery},
  volume={2},
  number={2},
  pages={121--167},
  year={1998},
  publisher={Springer}
}

@inproceedings{Schuller2004Speech,
  title={Speech emotion recognition combining acoustic features and linguistic information in a hybrid support vector machine-belief network architecture},
  author={Schuller, Bj{\"o}rn and Rigoll, Gerhard and Lang, Manfred},
  booktitle={Acoustics, Speech, and Signal Processing, 2004. Proceedings.(ICASSP'04). IEEE International Conference on},
  volume={1},
  pages={I--577},
  year={2004},
  organization={IEEE}
}

@article{Pierre2003The,
  title={The production and recognition of emotions in speech: features and algorithms},
  author={Pierre-Yves, Oudeyer},
  journal={International Journal of Human-Computer Studies},
  volume={59},
  number={1-2},
  pages={157--183},
  year={2003},
  publisher={Elsevier}
}

@article{Carpenter1989Neural,
  title={Neural network models for pattern recognition and associative memory},
  author={Carpenter, Gail A},
  journal={Neural networks},
  volume={2},
  number={4},
  pages={243--257},
  year={1989},
  publisher={Elsevier}
}

@article{Nicholson2000Emotion,
  title={Emotion recognition in speech using neural networks},
  author={Nicholson, Joy and Takahashi, Kazuhiko and Nakatsu, Ryohei},
  journal={Neural computing \& applications},
  volume={9},
  number={4},
  pages={290--296},
  year={2000},
  publisher={Springer}
}

@book{Crystal1978Linear,
  title={Linear prediction of speech},
  author={Markel, John D and Gray, AH Jr},
  volume={12},
  year={2013},
  publisher={Springer Science \& Business Media}
}

@article{Hozjan2003Context,
  title={Context-independent multilingual emotion recognition from speech signals},
  author={Hozjan, Vladimir and Ka{\v{c}}i{\v{c}}, Zdravko},
  journal={International Journal of Speech Technology},
  volume={6},
  number={3},
  pages={311--320},
  year={2003},
  publisher={Springer}
}

@inproceedings{Petrushin2000EMOTION,
  title={Emotion recognition in speech signal: experimental study, development, and application},
  author={Petrushin, Valery A},
  booktitle={Sixth International Conference on Spoken Language Processing},
  year={2000}
}

@inproceedings{Schuller2005Robust,
  title={Robust acoustic speech emotion recognition by ensembles of classifiers},
  author={Schuller, Bj{\"o}rn and Lang, Manfred and Rigoll, Gerhard},
  booktitle={Tagungsband Fortschritte der Akustik-DAGA\# 05, M{\"u}nchen},
  year={2005}
}

@inproceedings{Lugger2015Combining,
  title={Combining classifiers with diverse feature sets for robust speaker independent emotion recognition},
  author={Lugger, Marko and Janoir, Marie-Elise and Yang, Bin},
  booktitle={Signal processing conference, 2009 17th European},
  pages={1225--1229},
  year={2009},
  organization={IEEE}
}

@book{Kuncheva2004Combining,
  title={Combining pattern classifiers: methods and algorithms},
  author={Kuncheva, Ludmila I},
  year={2004},
  publisher={John Wiley \& Sons}
}

@article{Mashao2006Combining,
  title={Combining classifier decisions for robust speaker identification},
  author={Mashao, Daniel J and Skosan, Marshalleno},
  journal={Pattern Recognition},
  volume={39},
  number={1},
  pages={147--155},
  year={2006},
  publisher={Elsevier}
}

@inproceedings{Wu2005Linear,
  title={Linear asymmetric classifier for cascade detectors},
  author={Wu, Jianxin and Mullin, Matthew D and Rehg, James M},
  booktitle={Proceedings of the 22nd international conference on Machine learning},
  pages={988--995},
  year={2005},
  organization={ACM}
}

@article{Kuncheva2002A,
  title={A theoretical study on six classifier fusion strategies},
  author={Kuncheva, Ludmila I},
  journal={IEEE Transactions on pattern analysis and machine intelligence},
  volume={24},
  number={2},
  pages={281--286},
  year={2002},
  publisher={IEEE}
}

@inproceedings{Han2014Speech,
  title={Speech emotion recognition using deep neural network and extreme learning machine},
  author={Han, Kun and Yu, Dong and Tashev, Ivan},
  booktitle={Fifteenth Annual Conference of the International Speech Communication Association},
  year={2014}
}

@article{Lee2015High,
  title={High-level feature representation using recurrent neural network for speech emotion recognition},
  author={Lee, Jinkyu and Tashev, Ivan},
  year={2015}
}

@inproceedings{Huang2014Speech,
  title={Speech emotion recognition using CNN},
  author={Huang, Zhengwei and Dong, Ming and Mao, Qirong and Zhan, Yongzhao},
  booktitle={Proceedings of the 22nd ACM international conference on Multimedia},
  pages={801--804},
  year={2014},
  organization={ACM}
}

@inproceedings{Le2013Emotion,
  title={Emotion recognition from spontaneous speech using hidden markov models with deep belief networks},
  author={Le, Duc and Provost, Emily Mower},
  booktitle={Automatic Speech Recognition and Understanding (ASRU), 2013 IEEE Workshop on},
  pages={216--221},
  year={2013},
  organization={IEEE}
}

@article{Rana2016Emotion,
  title={Emotion Classification from Noisy Speech-A Deep Learning Approach},
  author={Rana, Rajib},
  journal={arXiv preprint arXiv:1603.05901},
  year={2016}
}

@article{Chernykh2017Emotion,
  title={Emotion recognition from speech with recurrent neural networks},
  author={Chernykh, Vladimir and Sterling, Grigoriy and Prihodko, Pavel},
  journal={arXiv preprint arXiv:1701.08071},
  year={2017}
}

@inproceedings{Jaitly2011Learning,
  title={Learning a better representation of speech soundwaves using restricted boltzmann machines},
  author={Jaitly, Navdeep and Hinton, Geoffrey},
  booktitle={Acoustics, Speech and Signal Processing (ICASSP), 2011 IEEE International Conference on},
  pages={5884--5887},
  year={2011},
  organization={IEEE}
}

@inproceedings{Bhargava2015Architectures,
  title={Architectures for deep neural network based acoustic models defined over windowed speech waveforms},
  author={Bhargava, Mayank and Rose, Richard},
  booktitle={Sixteenth Annual Conference of the International Speech Communication Association},
  year={2015}
}

@inproceedings{Sainath2015Convolutional,
  title={Convolutional, long short-term memory, fully connected deep neural networks},
  author={Sainath, Tara N and Vinyals, Oriol and Senior, Andrew and Sak, Ha{\c{s}}im},
  booktitle={Acoustics, Speech and Signal Processing (ICASSP), 2015 IEEE International Conference on},
  pages={4580--4584},
  year={2015},
  organization={IEEE}
}

@inproceedings{Amodei2015Deep,
  title={Deep speech 2: End-to-end speech recognition in english and mandarin},
  author={Amodei, Dario and Ananthanarayanan, Sundaram and Anubhai, Rishita and Bai, Jingliang and Battenberg, Eric and Case, Carl and Casper, Jared and Catanzaro, Bryan and Cheng, Qiang and Chen, Guoliang and others},
  booktitle={International Conference on Machine Learning},
  pages={173--182},
  year={2016}
}

@inproceedings{Variani2014Deep,
  title={Deep neural networks for small footprint text-dependent speaker verification},
  author={Variani, Ehsan and Lei, Xin and McDermott, Erik and Moreno, Ignacio Lopez and Gonzalez-Dominguez, Javier},
  booktitle={Acoustics, Speech and Signal Processing (ICASSP), 2014 IEEE International Conference on},
  pages={4052--4056},
  year={2014},
  organization={IEEE}
}

@inproceedings{Trigeorgis2016Adieu,
  title={Adieu features? end-to-end speech emotion recognition using a deep convolutional recurrent network},
  author={Trigeorgis, George and Ringeval, Fabien and Brueckner, Raymond and Marchi, Erik and Nicolaou, Mihalis A and Schuller, Bj{\"o}rn and Zafeiriou, Stefanos},
  booktitle={Acoustics, Speech and Signal Processing (ICASSP), 2016 IEEE International Conference on},
  pages={5200--5204},
  year={2016},
  organization={IEEE}
}

@article{Satt2017Efficient,
  title={Efficient Emotion Recognition from Speech Using Deep Learning on Spectrograms},
  author={Satt, Aharon and Rozenberg, Shai and Hoory, Ron},
  journal={Proc. Interspeech 2017},
  pages={1089--1093},
  year={2017}
}

@article{Ortony1990What,
  title={What's basic about basic emotions?},
  author={Ortony, Andrew and Turner, Terence J},
  journal={Psychological review},
  volume={97},
  number={3},
  pages={315},
  year={1990},
  publisher={American Psychological Association}
}

@book{Robinson2013Handbook,
  title={Handbook of cognition and emotion},
  author={Robinson, Michael D and Watkins, Edward R and Harmon-Jones, Eddie},
  year={2013},
  publisher={Guilford Press}
}

@article{Van1983Recognition,
  title={Recognition of vocal expressions of emotion: A three-nation study to identify universal characteristics},
  author={Van Bezooijen, Ren{\'e}e and Otto, Stanley A and Heenan, Thomas A},
  journal={Journal of Cross-Cultural Psychology},
  volume={14},
  number={4},
  pages={387--406},
  year={1983},
  publisher={Sage Publications Sage CA: Thousand Oaks, CA}
}

@inproceedings{Campbell2000Databases,
  title={Databases of emotional speech},
  author={Campbell, Nick},
  booktitle={ISCA Tutorial and Research Workshop (ITRW) on Speech and Emotion},
  year={2000}
}

@article{Mazuka2015Emotions,
  title={Emotions and speech: Some acoustical correlates},
  author={Williams, Carl E and Stevens, Kenneth N},
  journal={The Journal of the Acoustical Society of America},
  volume={52},
  number={4B},
  pages={1238--1250},
  year={1972},
  publisher={ASA}
}

@inproceedings{Batliner2000Desperately,
  title={Desperately seeking emotions or: Actors, wizards, and human beings},
  author={Batliner, Anton and Fischer, Kerstin and Huber, Richard and Spilker, J{\"o}rg and N{\"o}th, Elmar},
  booktitle={ISCA Tutorial and Research Workshop (ITRW) on Speech and Emotion},
  year={2000}
}

@article{Johnstone2005Affective,
  title={Affective speech elicited with a computer game.},
  author={Johnstone, Tom and van Reekum, Carien M and Hird, Kathryn and Kirsner, Kim and Scherer, Klaus R},
  journal={Emotion},
  volume={5},
  number={4},
  pages={513},
  year={2005},
  publisher={American Psychological Association}
}

@inproceedings{Burkhardt2005A,
  title={A database of German emotional speech},
  author={Burkhardt, Felix and Paeschke, Astrid and Rolfes, Miriam and Sendlmeier, Walter F and Weiss, Benjamin},
  booktitle={Ninth European Conference on Speech Communication and Technology},
  year={2005}
}

@inproceedings{Hansen1997Getting,
  title={Getting started with SUSAS: A speech under simulated and actual stress database},
  author={Hansen, John HL and Bou-Ghazale, Sahar E},
  booktitle={Fifth European Conference on Speech Communication and Technology},
  year={1997}
}

@article{Morrison2007Ensemble,
  title={Ensemble methods for spoken emotion recognition in call-centres},
  author={Morrison, Donn and Wang, Ruili and De Silva, Liyanage C},
  journal={Speech communication},
  volume={49},
  number={2},
  pages={98--112},
  year={2007},
  publisher={Elsevier}
}

@article{LibermanEmotional,
  title={Emotional prosody speech and transcripts},
  author={Liberman, Mark},
  journal={http://www. ldc. upenn. edu/Catalog/CatalogEntry. jsp? catalogId= LDC2002S28},
  year={2002}
}

@inproceedings{Engberg1997Design,
  title={Design, recording and verification of a Danish emotional speech database},
  author={Engberg, Inger S and Hansen, Anya Varnich and Andersen, Ove and Dalsgaard, Paul},
  booktitle={Fifth European Conference on Speech Communication and Technology},
  year={1997}
}

@inproceedings{Hozjan2002Interface,
  title={Interface Databases: Design and Collection of a Multilingual Emotional Speech Database.},
  author={Hozjan, Vladimir and Kacic, Zdravko and Moreno, Asuncion and Bonafonte, Antonio and Nogueiras, Albino},
  booktitle={LREC},
  year={2002}
}

@inproceedings{Schuller2005Speaker,
  title={Speaker independent speech emotion recognition by ensemble classification},
  author={Schuller, Bj{\"o}rn and Reiter, Stephan and Muller, Ronald and Al-Hames, Marc and Lang, Manfred and Rigoll, Gerhard},
  booktitle={Multimedia and Expo, 2005. ICME 2005. IEEE International Conference on},
  pages={864--867},
  year={2005},
  organization={IEEE}
}

@inproceedings{Fu2008Speaker,
  title={Speaker independent emotion recognition based on SVM/HMMs fusion system},
  author={Fu, Liqin and Mao, Xia and Chen, Lijiang},
  booktitle={Audio, Language and Image Processing, 2008. ICALIP 2008. International Conference on},
  pages={61--65},
  year={2008},
  organization={IEEE}
}

@inproceedings{Schuller2002Towards,
  title={Towards intuitive speech interaction by the integration of emotional aspects},
  author={Schuller, Bj{\"o}rn},
  booktitle={Systems, Man and Cybernetics, 2002 IEEE International Conference on},
  volume={6},
  pages={6--pp},
  year={2002},
  organization={IEEE}
}

@inproceedings{Kim2007Speech,
  title={Speech emotion recognition using eigen-fft in clean and noisy environments},
  author={Kim, Eun Ho and Hyun, Kyung Hak and Kim, Soo Hyun and Kwak, Yoon Keun},
  booktitle={Robot and Human interactive Communication, 2007. RO-MAN 2007. The 16th IEEE International Symposium on},
  pages={689--694},
  year={2007},
  organization={IEEE}
}

@inproceedings{Zhou2006Speech,
  title={Speech emotion recognition based on rough set and SVM},
  author={Zhou, Jian and Wang, Guoyin and Yang, Yong and Chen, Peijun},
  booktitle={Cognitive Informatics, 2006. ICCI 2006. 5th IEEE International Conference on},
  volume={1},
  pages={53--61},
  year={2006},
  organization={IEEE}
}

@inproceedings{Pereira2000Dimensions,
  title={Dimensions of emotional meaning in speech},
  author={Pereira, C{\'e}cile},
  booktitle={ISCA Tutorial and Research Workshop (ITRW) on Speech and Emotion},
  year={2000}
}

@article{Busso2008IEMOCAP,
  title={IEMOCAP: Interactive emotional dyadic motion capture database},
  author={Busso, Carlos and Bulut, Murtaza and Lee, Chi-Chun and Kazemzadeh, Abe and Mower, Emily and Kim, Samuel and Chang, Jeannette N and Lee, Sungbok and Narayanan, Shrikanth S},
  journal={Language resources and evaluation},
  volume={42},
  number={4},
  pages={335},
  year={2008},
  publisher={Springer}
}

@article{Williams1981Vocal,
  title={Vocal correlates of emotional states},
  author={Williams, Carl E and Stevens, Kenneth N},
  journal={Speech evaluation in psychiatry},
  pages={221--240},
  year={1981},
  publisher={Grune \& Stratton New York}
}

@article{Johnstone2000Vocal,
  title={Vocal communication of emotion},
  author={Johnstone, Tom and Scherer, Klaus R},
  journal={Handbook of emotions},
  volume={2},
  pages={220--235},
  year={2000}
}

@article{Cowie2003Describing,
  title={Describing the emotional states that are expressed in speech},
  author={Cowie, Roddy and Cornelius, Randolph R},
  journal={Speech communication},
  volume={40},
  number={1-2},
  pages={5--32},
  year={2003},
  publisher={Elsevier}
}

@article{Cahn1990The,
  title={The generation of a ect in synthesized speech},
  author={Cahn, Janet E},
  journal={Journal of the American Voice I/O Society},
  volume={8},
  pages={1--19},
  year={1990},
  publisher={Citeseer}
}

@book{Ackroyd1997Digital,
  title={Digital processing of speech signals},
  author={Rabiner, Lawrence R and Schafer, Ronald W},
  year={1978},
  publisher={Prentice Hall}
}

@book{Proakis1993Discrete,
  title={Discrete time processing of speech signals},
  author={Deller Jr, John R and Proakis, John G and Hansen, John H},
  year={1993},
  publisher={Prentice Hall PTR}
}

@article{Gobl2003The,
  title={The role of voice quality in communicating emotion, mood and attitude},
  author={Gobl, Christer and Chasaide, Ailbhe N{\i}},
  journal={Speech communication},
  volume={40},
  number={1-2},
  pages={189--212},
  year={2003},
  publisher={Elsevier}
}

@inproceedings{Lugger2007The,
  title={The relevance of voice quality features in speaker independent emotion recognition},
  author={Lugger, Marko and Yang, Bin},
  booktitle={Acoustics, Speech and Signal Processing, 2007. ICASSP 2007. IEEE International Conference on},
  volume={4},
  pages={IV--17},
  year={2007},
  organization={IEEE}
}

@incollection{Lugger2008Psychological,
  title={Psychological motivated multi-stage emotion classification exploiting voice quality features},
  author={Lugger, Marko and Yang, Bin},
  booktitle={Speech Recognition},
  year={2008},
  publisher={InTech}
}

@inproceedings{Li2007Stress,
  title={Stress and emotion classification using jitter and shimmer features},
  author={Li, Xi and Tao, Jidong and Johnson, Michael T and Soltis, Joseph and Savage, Anne and Leong, Kirsten M and Newman, John D},
  booktitle={Acoustics, Speech and Signal Processing, 2007. ICASSP 2007. IEEE International Conference on},
  volume={4},
  pages={IV--1081},
  year={2007},
  organization={IEEE}
}

@article{Dhillon2003A,
  title={A divisive information-theoretic feature clustering algorithm for text classification},
  author={Dhillon, Inderjit S and Mallela, Subramanyam and Kumar, Rahul},
  journal={Journal of machine learning research},
  volume={3},
  number={Mar},
  pages={1265--1287},
  year={2003}
}

@article{Dietterich1998Approximate,
  title={Approximate statistical tests for comparing supervised classification learning algorithms},
  author={Dietterich, Thomas G},
  journal={Neural computation},
  volume={10},
  number={7},
  pages={1895--1923},
  year={1998},
  publisher={MIT Press}
}

@article{Ververidis2008Fast,
  title={Fast and accurate sequential floating forward feature selection with the Bayes classifier applied to speech emotion recognition},
  author={Ververidis, Dimitrios and Kotropoulos, Constantine},
  journal={signal processing},
  volume={88},
  number={12},
  pages={2956--2970},
  year={2008},
  publisher={Elsevier}
}

@incollection{Yang1998Feature,
  title={Feature subset selection using a genetic algorithm},
  author={Yang, Jihoon and Honavar, Vasant},
  booktitle={Feature extraction, construction and selection},
  pages={117--136},
  year={1998},
  publisher={Springer}
}

@incollection{Ben2003Detecting,
  title={Detecting stable clusters using principal component analysis},
  author={Ben-Hur, Asa and Guyon, Isabelle},
  booktitle={Functional genomics},
  pages={159--182},
  year={2003},
  publisher={Springer}
}

@article{Blum1997Selection,
  title={Selection of relevant features and examples in machine learning},
  author={Blum, Avrim L and Langley, Pat},
  journal={Artificial intelligence},
  volume={97},
  number={1-2},
  pages={245--271},
  year={1997},
  publisher={Elsevier}
}

@article{Dempster1977Maximum,
  title={Maximum likelihood from incomplete data via the EM algorithm},
  author={Dempster, Arthur P and Laird, Nan M and Rubin, Donald B},
  journal={Journal of the royal statistical society. Series B (methodological)},
  pages={1--38},
  year={1977},
  publisher={JSTOR}
}

@article{Burges1998A,
  title={A tutorial on support vector machines for pattern recognition},
  author={Burges, Christopher JC},
  journal={Data mining and knowledge discovery},
  volume={2},
  number={2},
  pages={121--167},
  year={1998},
  publisher={Springer}
}

@inproceedings{Kim2013Deep,
  title={Deep learning for robust feature generation in audiovisual emotion recognition},
  author={Kim, Yelin and Lee, Honglak and Provost, Emily Mower},
  booktitle={Acoustics, Speech and Signal Processing (ICASSP), 2013 IEEE International Conference on},
  pages={3687--3691},
  year={2013},
  organization={IEEE}
}

@inproceedings{Deng2013Sparse,
  title={Sparse autoencoder-based feature transfer learning for speech emotion recognition},
  author={Deng, Jun and Zhang, Zixing and Marchi, Erik and Schuller, Bjorn},
  booktitle={Affective Computing and Intelligent Interaction (ACII), 2013 Humaine Association Conference on},
  pages={511--516},
  year={2013},
  organization={IEEE}
}

@article{Lee2009Emotion,
  title={Emotion recognition using a hierarchical binary decision tree approach},
  author={Lee, Chi-Chun and Mower, Emily and Busso, Carlos and Lee, Sungbok and Narayanan, Shrikanth},
  journal={Speech Communication},
  volume={53},
  number={9-10},
  pages={1162--1171},
  year={2011},
  publisher={Elsevier}
}

@article{Liu1999Ensemble,
  title={Ensemble learning via negative correlation},
  author={Liu, Yong and Yao, Xin},
  journal={Neural networks},
  volume={12},
  number={10},
  pages={1399--1404},
  year={1999},
  publisher={Elsevier}
}

@article{Liaw2002Classification,
  title={Classification and regression by randomForest},
  author={Liaw, Andy and Wiener, Matthew and others},
  journal={R news},
  volume={2},
  number={3},
  pages={18--22},
  year={2002}
}

@article{Ratsch2001Soft,
  title={Soft margins for AdaBoost},
  author={R{\"a}tsch, Gunnar and Onoda, Takashi and M{\"u}ller, K-R},
  journal={Machine learning},
  volume={42},
  number={3},
  pages={287--320},
  year={2001},
  publisher={Springer}
}

@article{Weston2003Use,
  title={Use of the zero-norm with linear models and kernel methods},
  author={Weston, Jason and Elisseeff, Andr{\'e} and Sch{\"o}lkopf, Bernhard and Tipping, Mike},
  journal={Journal of machine learning research},
  volume={3},
  number={Mar},
  pages={1439--1461},
  year={2003}
}

@article{Forman2003An,
  title={An extensive empirical study of feature selection metrics for text classification},
  author={Forman, George},
  journal={Journal of machine learning research},
  volume={3},
  number={Mar},
  pages={1289--1305},
  year={2003}
}

@article{Bekkerman2003Distributional,
  title={Distributional word clusters vs. words for text categorization},
  author={Bekkerman, Ron and El-Yaniv, Ran and Tishby, Naftali and Winter, Yoad},
  journal={Journal of Machine Learning Research},
  volume={3},
  number={Mar},
  pages={1183--1208},
  year={2003}
}

@article{Kohavi1997Wrappers,
  title={Wrappers for feature subset selection},
  author={Kohavi, Ron and John, George H},
  journal={Artificial intelligence},
  volume={97},
  number={1-2},
  pages={273--324},
  year={1997},
  publisher={Elsevier}
}

@article{Torkkola2003Feature,
  title={Feature extraction by non-parametric mutual information maximization},
  author={Torkkola, Kari},
  journal={Journal of machine learning research},
  volume={3},
  number={Mar},
  pages={1415--1438},
  year={2003}
}

@book{Barker1998Pattern,
  title={Pattern classification},
  author={Duda, Richard O and Hart, Peter E and Stork, David G},
  year={2012},
  publisher={John Wiley \& Sons}
}

@incollection{Jolliffe1986Principal,
  title={Principal component analysis and factor analysis},
  author={Jolliffe, Ian T},
  booktitle={Principal component analysis},
  pages={115--128},
  year={1986},
  publisher={Springer}
}

@article{Golub1970Singular,
  title={Singular value decomposition and least squares solutions},
  author={Golub, Gene H and Reinsch, Christian},
  journal={Numerische mathematik},
  volume={14},
  number={5},
  pages={403--420},
  year={1970},
  publisher={Springer}
}

@inproceedings{Mika1999Fisher,
  title={Fisher discriminant analysis with kernels},
  author={Mika, Sebastian and Ratsch, Gunnar and Weston, Jason and Scholkopf, Bernhard and Mullers, Klaus-Robert},
  booktitle={Neural networks for signal processing IX, 1999. Proceedings of the 1999 IEEE signal processing society workshop.},
  pages={41--48},
  year={1999},
  organization={Ieee}
}

@article{Genkin2007Large,
  title={Large-scale Bayesian logistic regression for text categorization},
  author={Genkin, Alexander and Lewis, David D and Madigan, David},
  journal={Technometrics},
  volume={49},
  number={3},
  pages={291--304},
  year={2007},
  publisher={Taylor \& Francis}
}

@book{Dasarathy1994Decision,
  title={Decision fusion},
  author={Dasarathy, Belur V},
  volume={1994},
  year={1994},
  publisher={IEEE Computer Society Press Los Alamitos, CA}
}

@inproceedings{Schuller2009The,
  title={The interspeech 2009 emotion challenge},
  author={Schuller, Bj{\"o}rn and Steidl, Stefan and Batliner, Anton},
  booktitle={Tenth Annual Conference of the International Speech Communication Association},
  year={2009}
}                                                                                                                       

@inproceedings{Eyben2010Opensmile,
  title={Opensmile: the munich versatile and fast open-source audio feature extractor},
  author={Eyben, Florian and W{\"o}llmer, Martin and Schuller, Bj{\"o}rn},
  booktitle={Proceedings of the 18th ACM international conference on Multimedia},
  pages={1459--1462},
  year={2010},
  organization={ACM}
}

@article{Cowie2015,
  title={'FEELTRACE': An Instrument For Recording Perceived Emotion In Real Time},
  author={Cowie, Roddy and Douglas-Cowie, Ellen and Savvidou, Susie and Mcmahon, Edelle and Sawey, Martin and Schröder, Marc},
  journal={Proc.isca Wsh.on Speech \& Emotion},
  year={2015},
}

@online{thuthesis,
  author =      {薛瑞尼},
  title =       {\thuthesis: 清华大学学位论文模板},
  citedate =    {2017-12-02},
  url =         {https://github.com/xueruini/thuthesis},
  lang =        {zh},
  year =        2017,
}
